@book{knuthtex,
  title = {The TeXbook},
  author = {Donald E. Knuth},
  year = {1984},
  publisher = {Addison-Wesley},
  address = {Reading, Massachusetts}
}

@book{wizardsdnd,
  title = {Dungeons \& Dragons Player's Handbook},
  author = {Wizards of the Coast},
  year = {2014},
  publisher = {Wizards of the Coast},
  address = {Renton, WA},
  edition = {5th}
}

@online{rpgstackexchange,
  title = {RPG Stack Exchange},
  url = {https://rpg.stackexchange.com/},
  urldate = {2023-01-01}
}

@manual{latexcompanion,
  title = {The LaTeX Companion},
  author = {Frank Mittelbach and Michel Goossens and Johannes Braams and David Carlisle and Chris Rowley},
  year = {2004},
  publisher = {Addison-Wesley},
  edition = {2nd}
}
